<?xml version="1.0" encoding="UTF-8"?><collection xmlns="http://www.loc.gov/MARC21/slim"><record><leader>00591nam--2200193-i-4500</leader><controlfield tag="001">000007590</controlfield><controlfield tag="002">20161230</controlfield><controlfield tag="005">20161230201027</controlfield><controlfield tag="008">060222s1000------------r-----000-0-rum-d</controlfield><datafield ind1=" " ind2=" " tag="040"><subfield code="a">IFIN-HH</subfield></datafield><datafield ind1=" " ind2=" " tag="041"><subfield code="a">rum</subfield></datafield><datafield ind1=" " ind2=" " tag="080"><subfield code="a">539.144.6</subfield></datafield><datafield ind1="1" ind2=" " tag="100"><subfield code="a">Cristu, M.I</subfield></datafield><datafield ind1="1" ind2="0" tag="245"><subfield code="a">Tranzitii si stari de joasa energie ale nucleelor impar-impare excitate prin captura radiativa a neutronilor</subfield><subfield code="b">Disertatie</subfield><subfield code="c">M.i. cristu</subfield></datafield><datafield ind1=" " ind2=" " tag="260"><subfield code="a">Bucuresti</subfield><subfield code="b">Ifa</subfield><subfield code="c">1965</subfield></datafield><datafield ind1=" " ind2=" " tag="300"><subfield code="a">110 P</subfield></datafield><datafield ind1=" " ind2=" " tag="500"><subfield code="a">Conducator Stiintific: Acad.Prof.Dr. Horia Hulubei</subfield></datafield><datafield ind1=" " ind2=" " tag="852"><subfield code="a">23648</subfield><subfield code="c">539.17</subfield></datafield><datafield ind1=" " ind2=" " tag="CAT"><subfield code="a">Sys</subfield><subfield code="c">20120530</subfield><subfield code="h">160842</subfield></datafield></record></collection>